%% This BibTeX bibliography file was created using BibDesk.
%% http://bibdesk.sourceforge.net/


%% Created for John Wright at 2015-09-12 12:33:44 -0400 


%% Saved with string encoding Unicode (UTF-8) 

@inproceedings{kulkarni2016hierarchical,
  title={Hierarchical deep reinforcement learning: Integrating temporal abstraction and intrinsic motivation},
  author={Kulkarni, Tejas D and Narasimhan, Karthik and Saeedi, Ardavan and Tenenbaum, Josh},
  booktitle={Advances in Neural Information Processing Systems},
  pages={3675--3683},
  year={2016}
}

@article{mnih2015human,
  title={Human-level control through deep reinforcement learning},
  author={Mnih, Volodymyr and Kavukcuoglu, Koray and Silver, David and Rusu, Andrei A and Veness, Joel and Bellemare, Marc G and Graves, Alex and Riedmiller, Martin and Fidjeland, Andreas K and Ostrovski, Georg and others},
  journal={Nature},
  volume={518},
  number={7540},
  pages={529--533},
  year={2015},
  publisher={Nature Research}
}

@article{silver2016mastering,
  title={Mastering the game of Go with deep neural networks and tree search},
  author={Silver, David and Huang, Aja and Maddison, Chris J and Guez, Arthur and Sifre, Laurent and Van Den Driessche, George and Schrittwieser, Julian and Antonoglou, Ioannis and Panneershelvam, Veda and Lanctot, Marc and others},
  journal={Nature},
  volume={529},
  number={7587},
  pages={484--489},
  year={2016},
  publisher={Nature Publishing Group}
}

@article{mnih2013playing,
  title={Playing atari with deep reinforcement learning},
  author={Mnih, Volodymyr and Kavukcuoglu, Koray and Silver, David and Graves, Alex and Antonoglou, Ioannis and Wierstra, Daan and Riedmiller, Martin},
  journal={arXiv preprint arXiv:1312.5602},
  year={2013}
}

@inproceedings{sukhbaatar2016learning,
  title={Learning multiagent communication with backpropagation},
  author={Sukhbaatar, Sainbayar and Fergus, Rob and others},
  booktitle={Advances in Neural Information Processing Systems},
  pages={2244--2252},
  year={2016}
}

@article{tampuu2017multiagent,
  title={Multiagent cooperation and competition with deep reinforcement learning},
  author={Tampuu, Ardi and Matiisen, Tambet and Kodelja, Dorian and Kuzovkin, Ilya and Korjus, Kristjan and Aru, Juhan and Aru, Jaan and Vicente, Raul},
  journal={PLoS One},
  volume={12},
  number={4},
  pages={e0172395},
  year={2017},
  publisher={Public Library of Science}
}

@article{peng2017multiagent,
  title={Multiagent Bidirectionally-Coordinated Nets for Learning to Play StarCraft Combat Games},
  author={Peng, Peng and Yuan, Quan and Wen, Ying and Yang, Yaodong and Tang, Zhenkun and Long, Haitao and Wang, Jun},
  journal={arXiv preprint arXiv:1703.10069},
  year={2017}
}

@article{foerster2017stabilising,
  title={Stabilising Experience Replay for Deep Multi-Agent Reinforcement Learning},
  author={Foerster, Jakob and Nardelli, Nantas and Farquhar, Gregory and Torr, Philip and Kohli, Pushmeet and Whiteson, Shimon and others},
  journal={arXiv preprint arXiv:1702.08887},
  year={2017}
}

@inproceedings{spaan2002high,
  title={High level coordination of agents based on multiagent Markov decision processes with roles},
  author={Spaan, Matthijs TJ and Vlassis, Nikos and Groen, Frans CA and others},
  booktitle={IROS},
  volume={2},
  pages={66--73},
  year={2002}
}

@inproceedings{sutton1999policy,
  title={Policy gradient methods for reinforcement learning with function approximation.},
  author={Sutton, Richard S and McAllester, David A and Singh, Satinder P and Mansour, Yishay and others},
  booktitle={NIPS},
  volume={99},
  pages={1057--1063},
  year={1999}
}

@article{lever2014deterministic,
  title={Deterministic policy gradient algorithms},
  author={Lever, Guy},
  year={2014}
}

@article{lillicrap2015continuous,
  title={Continuous control with deep reinforcement learning},
  author={Lillicrap, Timothy P and Hunt, Jonathan J and Pritzel, Alexander and Heess, Nicolas and Erez, Tom and Tassa, Yuval and Silver, David and Wierstra, Daan},
  journal={arXiv preprint arXiv:1509.02971},
  year={2015}
}

@inproceedings{foerster2016learning,
  title={Learning to communicate with deep multi-agent reinforcement learning},
  author={Foerster, Jakob and Assael, Yannis M and de Freitas, Nando and Whiteson, Shimon},
  booktitle={Advances in Neural Information Processing Systems},
  pages={2137--2145},
  year={2016}
}

@article{mordatch2017emergence,
  title={Emergence of Grounded Compositional Language in Multi-Agent Populations},
  author={Mordatch, Igor and Abbeel, Pieter},
  journal={arXiv preprint arXiv:1703.04908},
  year={2017}
}

@article{usunier2016episodic,
  title={Episodic Exploration for Deep Deterministic Policies: An Application to StarCraft Micromanagement Tasks},
  author={Usunier, Nicolas and Synnaeve, Gabriel and Lin, Zeming and Chintala, Soumith},
  journal={arXiv preprint arXiv:1609.02993},
  year={2016}
}

@article{busoniu2008comprehensive,
  title={A comprehensive survey of multiagent reinforcement learning},
  author={Busoniu, Lucian and Babuska, Robert and De Schutter, Bart},
  journal={IEEE Transactions on Systems Man and Cybernetics Part C Applications and Reviews},
  volume={38},
  number={2},
  pages={156},
  year={2008},
  publisher={IEEE SYSTEMS MAN \& CYBERNETICS SOCIETY}
}

@article{fox2000probabilistic,
  title={A probabilistic approach to collaborative multi-robot localization},
  author={Fox, Dieter and Burgard, Wolfram and Kruppa, Hannes and Thrun, Sebastian},
  journal={Autonomous robots},
  volume={8},
  number={3},
  pages={325--344},
  year={2000},
  publisher={Springer}
}

@incollection{mataric1997reinforcement,
  title={Reinforcement learning in the multi-robot domain},
  author={Matari{\'c}, Maja J},
  booktitle={Robot colonies},
  pages={73--83},
  year={1997},
  publisher={Springer}
}

@article{tessler2016deep,
  title={A deep hierarchical approach to lifelong learning in minecraft},
  author={Tessler, Chen and Givony, Shahar and Zahavy, Tom and Mankowitz, Daniel J and Mannor, Shie},
  journal={arXiv preprint arXiv:1604.07255},
  year={2016}
}
